@book{Games, author="David Brackeen", title="Developing Games in Java", year= 2003, note="ISBN-13: 978-1592730056" }
@book{Tanenbaum, author={Andrew Tanenbaum}, year={2003}, title={Verteilte Systeme - Grundlagen und Paradigmen}, note={2. Autor Marten van Steen; ISBN: 3-8273-7057-4} }
@book{Regexp, author={Jeffrey Friedl}, year={2006}, title={Mastering Regular Expressions}, note={ISBN-13: 978-0596528126}}
@misc{OOS, author={Prof. Heinrich Fassbender}, year={2006}, howpublished={Vorlesung Objektorientierte Softwareentwicklung an der FH Aachen}, note={} }
@misc{Richtlinien, author={Prof. Heinrich Fassbender}, year={2008}, howpublished={Programmierrichtlinien an der FH Aachen}, note={http://www.fassbender.fh-aachen.de/Downloads/OOS/Programmierrichtlinien.pdf} }
@misc{Vorlesung, author={Prof. Martin Oßmann}, year={2007}, howpublished={Vorlesung Verteilte Systeme an der FH Aachen}, note={Mitschrift: ftp://ftp.buetow.org/pub/studium/FHAC\_VS-SS07/Mitschrift/verteilte-systeme.pdf} }
@misc{M32, author={Prof. Martin Oßmann}, howpublished={M32 CPU Simulator}, note={http://www.ossmann.fh-aachen.de} }
@misc{Javadoc, howpublished={Java Platform Standard Edition 6 Javadoc, http://java.sun.com/javase/6/docs/api/}}
